%! Author = albertopaga
%! Date = 07/10/24

@article{faisal2019understanding,
    title={Understanding autonomous vehicles},
    author={Faisal, Asif and Kamruzzaman, Md and Yigitcanlar, Tan and Currie, Graham},
    journal={Journal of Transport and Land Use},
    volume={12},
    number={1},
    pages={45--72},
    year={2019},
    publisher={Journal of Transport and Land Use},
    url={https://www.jstor.org/stable/10.2307/26911258}
}

@book{darpa_grand_challenges_book,
    title={DARPA’s Grand Challenges Program: A Historical Perspective},
    author={{Defense Advanced Research Projects Agency (DARPA)}},
    year={2023},
    publisher={DARPA Publications},
    address={Arlington, VA},
}

@article{impact_autonomous_vehicles_2018,
    title={The Impact of Autonomous Vehicles on Cities: A Review},
    author={Thompson, Russell G. and Stevenson, Mark and Shluzas, Lauren A.},
    journal={Journal of Urban Technology},
    volume={25},
    number={4},
    pages={3-20},
    year={2018},
    publisher={Taylor \& Francis},
    doi={10.1080/10630732.2018.1493883},
    url={https://doi.org/10.1080/10630732.2018.1493883}
}

@article{thomas2020perception,
    title={Perception of autonomous vehicles by the modern society: a survey},
    author={Thomas, Elena and McCrudden, Connie and Wharton, Zachary and Behera, Ardhendu},
    journal={IET Intelligent Transport Systems},
    volume={14},
    number={11},
    pages={1351-1360},
    year={2020},
    publisher={Institution of Engineering and Technology},
    doi={10.1049/iet-its.2019.0703},
    url={https://doi.org/10.1049/iet-its.2019.0703}
}

@article{intelligent_transportation_2023,
    title={Intelligent Transportation Systems Using Roadside Infrastructure: A Literature Survey},
    author={Author(s) unknown},
    journal={IEEE Transactions on Intelligent Transportation Systems},
    year={2023},
    doi={10.1109/TITS.2023.3343434}
}

@article{economic_aspects_2020,
    title={Economic aspects of driving various types of vehicles in intelligent urban transport systems, including car-sharing services and autonomous vehicles},
    author={Boruń, Władysław and Jacyna, Marianna and Izdebski, Mariusz and Szczepański, Emil},
    journal={Applied Sciences},
    volume={10},
    number={16},
    pages={5580},
    year={2020},
    publisher={MDPI},
    doi={10.3390/app10165580},
    url={https://doi.org/10.3390/app10165580}
}

@techreport{sae_j3016_2021,
    title={Taxonomy and definitions for terms related to driving automation systems for on-road motor vehicles},
    author={{SAE International}},
    year={2021},
    institution={SAE International},
    number={J3016C},
    note={Issued 2014-01-16. Revised 2016-09-30; 2018-06-15; 2021-04-30},
    url={https://www.sae.org/standards/content/j3016_202104/}
}

@article{teoh2017rage,
    title={Rage against the machine? Google's self-driving cars versus human drivers},
    author={Teoh, Eric R. and Kidd, David G.},
    journal={Journal of Safety Research},
    volume={63},
    pages={57--60},
    year={2017},
    publisher={Elsevier},
    doi={10.1016/j.jsr.2017.08.008},
    url={https://doi.org/10.1016/j.jsr.2017.08.008}
}

@article{ahangar2021survey,
    title={A Survey of Autonomous Vehicles: Enabling Communication Technologies and Challenges},
    author={Ahangar, M. Nadeem and Ahmed, Qasim Z. and Khan, Fahd A. and Hafeez, Maryam},
    journal={Sensors},
    volume={21},
    number={1},
    pages={123},
    year={2021},
    publisher={MDPI},
    doi={10.3390/s210100123},
    url={https://doi.org/10.3390/s210100123}
}

@INPROCEEDINGS{connected_vehicles_security_2023,
    author={Yu, Mingming and Guo, Zhen and Shen, Shiwen and Ning, Yuqiao and Liu, Tianling and Sun, Dongqing},
    booktitle={2023 IEEE 5th International Conference on Power, Intelligent Computing and Systems (ICPICS)},
    title={An Intelligent Connected Vehicles Information Security Attack Matrix Model},
    year={2023},
    volume={},
    number={},
    pages={82-86},
    keywords={Solid modeling;Visualization;Connected vehicles;Databases;Computational modeling;Clustering methods;Information security;Intelligent connected vehicles;attack matrix model;information security},
    doi={10.1109/ICPICS58376.2023.10235357}}

@INPROCEEDINGS{architecture,
    author={Payton, D.},
    booktitle={Proceedings. 1986 IEEE International Conference on Robotics and Automation},
    title={An architecture for reflexive autonomous vehicle control},
    year={1986},
    volume={3},
    number={},
    pages={1838-1845},
    keywords={Remotely operated vehicles;Mobile robots;Roads;Land vehicles;Intelligent sensors;Computer architecture;Artificial intelligence;Strategic planning;Software architecture;Land use planning},
    doi={10.1109/ROBOT.1986.1087458}}



@article{bouchouia2023survey,
    title={A survey on misbehavior detection for connected and autonomous vehicles},
    author={Bouchouia, Mohammed Lamine and Labiod, Houda and Jelassi, Ons and Monteuuis, Jean-Philippe and Ben Jaballah, Wafa and Petit, Jonathan and Zhang, Zonghua},
    journal={Vehicular Communications},
    volume={39},
    pages={100586},
    year={2023},
    publisher={Elsevier},
    doi={10.1016/j.vehcom.2023.100586},
    url={https://doi.org/10.1016/j.vehcom.2023.100586}
}

@article{2023survey,
    title={A survey on autonomous vehicles and their communication technologies},
    author={Author(s) unknown},
    journal={Sensors},
    volume={23},
    number={21},
    pages={8817},
    year={2023},
    publisher={MDPI},
    doi={10.3390/s23218817},
    url={https://doi.org/10.3390/s23218817}
}

@article{unknown2020connected,
    title={A Connected and Autonomous Vehicle Reference Architecture for Attack Surface Analysis},
    author={Penumarthy, Sai Sreekar and Fei, Yulong and Yu, Hong and Zhang, Zonghua},
    journal={Applied Sciences},
    volume={9},
    number={23},
    pages={5101},
    year={2020},
    publisher={MDPI},
    doi={10.3390/app9235101},
    url={https://doi.org/10.3390/app9235101}
}

@ARTICLE{cybersec,
    author={Kukkala, Vipin Kumar and Thiruloga, Sooryaa Vignesh and Pasricha, Sudeep},
    journal={IEEE Consumer Electronics Magazine},
    title={Roadmap for Cybersecurity in Autonomous Vehicles},
    year={2022},
    volume={11},
    number={6},
    pages={13-23},
    keywords={Automotive engineering;Security;Autonomous vehicles;Artificial intelligence;Vehicular ad hoc networks;Computer security;Monitoring;Internet of Vehicles},
    doi={10.1109/MCE.2022.3154346}}

@techreport{miller2015remote,
    title={Remote Exploitation of an Unaltered Passenger Vehicle},
    author={Miller, Charlie and Valasek, Chris},
    year={2015},
    institution={IOActive},
    url={https://illmatics.com/Remote%20Car%20Hacking.pdf}
}

@inproceedings{tesla_hack,
    title={Fast, Furious and Insecure: Passive Keyless Entry and Start Systems in Modern Supercars},
    author={Francillon, Aur{\'e}lien and Danev, Boris and Capkun, Srdjan},
    booktitle={Proceedings of the 18th ACM Conference on Computer and Communications Security (CCS '11)},
    pages={997--1008},
    year={2011},
    publisher={ACM},
    doi={10.13154/tches.v2019.i3.66-85},
    url={https://doi.org/10.13154/tches.v2019.i3.66-85}
}

@inproceedings{garcia2016lock,
    title={Lock It and Still Lose It—On the (In)Security of Automotive Remote Keyless Entry Systems},
    author={Garcia, Flavio D. and Oswald, David and Kasper, Timo and Pavlidès, Pierre},
    booktitle={Proceedings of the 2016 ACM SIGSAC Conference on Computer and Communications Security (CCS '16)},
    pages={1601--1612},
    year={2016},
    publisher={ACM},
    doi={10.1145/2976749.2978397},
    url={https://doi.org/10.1145/2976749.2978397}
}

@INPROCEEDINGS{comparison-standard,
    author={Costantino, Gianpiero and De Vincenzi, Marco and Matteucci, Ilaria},
    booktitle={2022 IEEE European Symposium on Security and Privacy Workshops},
    title={A Comparative Analysis of UNECE WP.29 R155 and ISO/SAE 21434},
    year={2022},
    volume={},
    number={},
    pages={340-347},
    keywords={Economics;Text analysis;Road vehicles;Europe;Documentation;Regulation;Risk management;UNECE WP.29 R155;ISO/SAE 21434;automotive;cybersecurity;standard;regulation},
    doi={10.1109/EuroSPW55150.2022.00041}
}

